@article{gershenfeld2012make,
  title={How to make almost anything: The digital fabrication revolution},
  author={Gershenfeld, Neil},
  journal={Foreign Aff.},
  volume={91},
  pages={43},
  year={2012},
  publisher={HeinOnline}
}

@inproceedings{bush1988we,
  title={As we may think},
  author={Bush, Vannevar},
  booktitle={Computer-supported cooperative work},
  pages={17--34},
  year={1988},
  organization={Morgan Kaufmann Publishers Inc.}
}

@article{halevy2009unreasonable,
  title={The unreasonable effectiveness of data},
  author={Halevy, Alon and Norvig, Peter and Pereira, Fernando},
  journal={IEEE Intelligent Systems},
  volume={24},
  number={2},
  pages={8--12},
  year={2009},
  publisher={IEEE}
}

@article{licklider1968computer,
  title={The computer as a communication device},
  author={Licklider, Joseph CR and Taylor, Robert W},
  journal={Science and technology},
  volume={76},
  number={2},
  pages={1--3},
  year={1968}
}

@inproceedings{mcdonough1952numerically,
  title={A Numerically Controlled Milling Machine},
  author={McDonough, James O and Susskind, Alfred K},
  booktitle={Review of Input and Output Equipment Used in Computing Systems," Proceedings of the Eastern Computer Conference, Publication S-53},
  pages={133--136},
  year={1952}
}

@inproceedings{retelny2014expert,
  title={Expert crowdsourcing with flash teams},
  author={Retelny, Daniela and Robaszkiewicz, S{\'e}bastien and To, Alexandra and Lasecki, Walter S and Patel, Jay and Rahmati, Negar and Doshi, Tulsee and Valentine, Melissa and Bernstein, Michael S},
  booktitle={Proceedings of the 27th annual ACM symposium on User interface software and technology},
  pages={75--85},
  year={2014},
  organization={ACM}
}

@article{sawhney2002thinkcycle,
  title={ThinkCycle: sharing distributed design knowledge for open collaborative design},
  author={Sawhney, Nitin and Griffith, Saul and Maguire, Yael and Prestero, Timothy},
  journal={International Journal of Technologies for the Advancement of Knowledge and Learning (TechKnowLogia)},
  volume={4},
  number={1},
  pages={49--53},
  year={2002}
}

@misc{quirky,
  author = {},
  title = {Quirky: The Invention Platform},
  howpublished = {\url{https://www.quirky.com/}},
  month = {},
  year = {},
  note = {(Accessed on 08/03/2016)}
}

@misc{openideo,
  author = {},
  title = {OpenIDEO},
  howpublished = {\url{https://openideo.com/}},
  month = {},
  year = {},
  note = {(Accessed on 08/03/2016)}
}

@article{howe2006rise,
  title={The rise of crowdsourcing},
  author={Howe, Jeff},
  journal={Wired magazine},
  volume={14},
  number={6},
  pages={1--4},
  year={2006}
}

@article{poetz2012value,
  title={The value of crowdsourcing: can users really compete with professionals in generating new product ideas?},
  author={Poetz, Marion K and Schreier, Martin},
  journal={Journal of Product Innovation Management},
  volume={29},
  number={2},
  pages={245--256},
  year={2012},
  publisher={Wiley Online Library}
}

@article{mackay1989eva,
  title={EVA: An experimental video annotator for symbolic analysis of video data},
  author={Mackay, Wendy E},
  journal={Acm Sigchi Bulletin},
  volume={21},
  number={2},
  pages={68--71},
  year={1989},
  publisher={ACM}
}

@misc{cincera1967kinoautomat,
  title={Kinoautomat: One Man and His House},
  author={Cincera, R and Juracek, P and Rohac, J and Svitacek, V},
  year={1967},
  publisher={Czechoslovakia: Film Export. Film}
}

@inproceedings{lippman1978aspen,
  title={The Aspen Movie Map},
  author={Lippman, Andrew},
  year={1978},
  organization={MIT ARPA}
}

@misc{mturk,
  author = {Amazon},
  title = {Amazon Mechanical Turk},
  howpublished = {\url{https://www.mturk.com/}},
  month = {},
  year = {},
  note = {(Accessed on 07/20/2016)}
}

@misc{ushahidi,
  author = {},
  title = {Ushahidi},
  howpublished = {\url{https://www.ushahidi.com/}},
  month = {},
  year = {},
  note = {(Accessed on 07/20/2016)}
}

@misc{innocentive,
  author = {},
  title = {Innocentive | Innovation Management},
  howpublished = {\url{https://www.innocentive.com/}},
  month = {},
  year = {},
  note = {(Accessed on 07/21/2016)}
}


@misc{interlude,
  author = {},
  title = {Interlude | A New Entertainment Medium},
  howpublished = {\url{https://interlude.fm/}},
  month = {},
  year = {},
  note = {(Accessed on 07/21/2016)}
}

@misc{youtube,
  author = {},
  title = {YouTube},
  howpublished = {\url{https://www.youtube.com/}},
  month = {},
  year = {},
  note = {(Accessed on 07/21/2016)}
}

@inproceedings{d2016feminist,
  title={A Feminist HCI Approach to Designing Postpartum Technologies:” When I first saw a breast pump I was wondering if it was a joke.”},
  author={D’Ignazio, Catherine and Hope, Alexis and Michelson, Becky and Churchill, Robyn and Zuckerman, Ethan},
  booktitle={Proceedings of the 2016 CHI Conference on Human Factors in Computing Systems},
  pages={2612--2622},
  year={2016},
  organization={ACM}
}

@misc{stackoverflow,
  author = {},
  title = {Stack Overflow},
  howpublished = {\url{http://stackoverflow.com/}},
  month = {},
  year = {},
  note = {(Accessed on 08/03/2016)}
}

@misc{github,
  author = {},
  title = {GitHub},
  howpublished = {\url{https://github.com/}},
  month = {},
  year = {},
  note = {(Accessed on 08/03/2016)}
}

@misc{makersbynumbers,
  author = {},
  title = {By The Numbers: The Rise Of The Makerspace | Popular Science},
  howpublished = {\url{http://www.popsci.com/rise-makerspace-by-numbers}},
  month = {},
  year = {},
  note = {(Accessed on 08/03/2016)}
}

@misc{thingverse,
  author = {},
  title = {Thingiverse - Digital Designs for Physical Objects},
  howpublished = {\url{http://www.thingiverse.com/}},
  month = {},
  year = {},
  note = {(Accessed on 08/03/2016)}
}

@misc{hackaday,
  author = {},
  title = {Hackaday | Fresh hacks every day},
  howpublished = {\url{http://hackaday.com/}},
  month = {},
  year = {},
  note = {(Accessed on 08/03/2016)}
}

@misc{amazonvideo,
  author = {},
  title = {Amazon Video},
  howpublished = {\url{https://www.amazon.com/Amazon-Video/b/ref=topnav_storetab_atv?_encoding=UTF8&node=2858778011}},
  month = {},
  year = {},
  note = {(Accessed on 08/03/2016)}
}

@misc{mmne,
  author = {},
  title = {Mothers' Milk Bank Northeast},
  howpublished = {\url{http://milkbankne.org/}},
  month = {},
  year = {},
  note = {(Accessed on 08/03/2016)}
}
